<record><leader>00000cas a2200000 a 4500</leader><controlfield tag="001">36646978</controlfield><controlfield tag="008">970328c19459999miuwr n       0   a0eng c</controlfield><datafield ind1=" " ind2=" " tag="010"><subfield code="a">sn 97063257 </subfield></datafield><datafield ind1=" " ind2=" " tag="040"><subfield code="a">MHN</subfield><subfield code="b">eng</subfield><subfield code="c">MHN</subfield><subfield code="d">NSD</subfield><subfield code="d">OCLCQ</subfield><subfield code="d">OCLCF</subfield><subfield code="d">OCLCO</subfield></datafield><datafield ind1=" " ind2=" " tag="012"><subfield code="l">1</subfield></datafield><datafield ind1="1" ind2=" " tag="022"><subfield code="a">1524-3451</subfield><subfield code="l">1524-3451</subfield><subfield code="2">1</subfield></datafield><datafield ind1="1" ind2=" " tag="029"><subfield code="a">AU@</subfield><subfield code="b">000013197152</subfield></datafield><datafield ind1=" " ind2=" " tag="042"><subfield code="a">pcc</subfield><subfield code="a">nsdp</subfield></datafield><datafield ind1=" " ind2="4" tag="222"><subfield code="a">The Ile camera</subfield></datafield><datafield ind1="0" ind2="4" tag="245"><subfield code="a">The Ile camera.</subfield></datafield><datafield ind1=" " ind2=" " tag="260"><subfield code="a">[Grosse Ile, Mich.] :</subfield><subfield code="b">By and For Kids</subfield></datafield><datafield ind1=" " ind2=" " tag="300"><subfield code="a">v.</subfield></datafield><datafield ind1=" " ind2=" " tag="310"><subfield code="a">Weekly</subfield><subfield code="b">Aug. 31, 1979-</subfield></datafield><datafield ind1=" " ind2=" " tag="321"><subfield code="a">Biweekly</subfield><subfield code="b">Apr. 16, 1945-Aug. 20, 1979</subfield></datafield><datafield ind1="0" ind2=" " tag="362"><subfield code="a">Vol. 1, no. 1 (Apr. 16, 1945)-</subfield></datafield><datafield ind1=" " ind2=" " tag="500"><subfield code="a">Publisher: Heritage Newspapers, &lt;Jan. 22, 1999-&gt;</subfield></datafield><datafield ind1=" " ind2=" " tag="515"><subfield code="a">Issue called: Special Twin Bicentennial Issue, July 1, 1976.</subfield></datafield><datafield ind1=" " ind2="0" tag="651"><subfield code="a">Grosse Ile (Mich.)</subfield><subfield code="v">Newspapers.</subfield></datafield><datafield ind1=" " ind2="0" tag="651"><subfield code="a">Wayne County (Mich.)</subfield><subfield code="v">Newspapers.</subfield></datafield><datafield ind1=" " ind2="7" tag="655"><subfield code="a">Newspapers.</subfield><subfield code="2">fast</subfield><subfield code="0">(OCoLC)fst01423814</subfield></datafield><datafield ind1=" " ind2="7" tag="651"><subfield code="a">Michigan</subfield><subfield code="z">Grosse Ile.</subfield><subfield code="2">fast</subfield><subfield code="0">(OCoLC)fst01228101</subfield></datafield><datafield ind1=" " ind2="7" tag="651"><subfield code="a">Michigan</subfield><subfield code="z">Wayne County.</subfield><subfield code="2">fast</subfield><subfield code="0">(OCoLC)fst01206628</subfield></datafield><datafield ind1=" " ind2=" " tag="752"><subfield code="a">United States</subfield><subfield code="b">Michigan</subfield><subfield code="c">Wayne</subfield><subfield code="d">Grosse Ile.</subfield></datafield><datafield ind1=" " ind2=" " tag="936"><subfield code="a">Jan. 22, 1999 (surrogate) LIC</subfield></datafield></record>